%%%%%%%%%%%%%%%%%%%%%%%%%%%%%%%%%%%%%%
%%  Vorlage einer Bibtex Datenbank  %%
%%%%%%%%%%%%%%%%%%%%%%%%%%%%%%%%%%%%%%
@phdthesis{vossenthesis,
  author      = { Christine Vo\ss{}en },
  title       = { Auditory Information Processing in Systems with Internally Coupled Ears                        },
  school        = { Technische Universit\"{a}t M\"{u}nchen                  },
  year        = { 2010                                      }
}

@Book{pozrikidisFluid,
    author    = { Constantine Pozrikidis },
    title     = { Fluid Dynamics: Theory, Computation, and Numerical Simulation },
    publisher = { Springer },
    year      = { 2009                       },
    page      = {111 }
}

@Book{copsonbessel,
    author    = { Edward Thomas Copson },
    title     = { Introduction to the Theory of Functions of a Complex Variable },
    publisher = { Clarendon Press },
    address   = { Oxford                  },
    year      = { 1973                       },
    page      = {313 }
}

@Article{vossenjasa,
  author    = { Christine Vo\ss{}en and Jakob Christensen-Dalsgaard and J. Leo van Hemmen   },
  title     = { Analytical Model of Internally Coupled Ears. },
  journal   = { Journal of the Acoustical Society of America },
  year      = { 2010               },
  volume    = { 128                 },
  issue	    = {2	},
  pages     = { 909--918  }
}

@Unpublished{Autor2:01,
  author      = { Vorname1 Nachname1 and Vorname2 Nachname2 },
  title       = { Titel des Artikels                        },
  note        = { erscheint in Journalname                  },
  year        = { 2001                                      }
}

@Book{Autor3:74,
    author    = { Rainer Unsinn and Axel Schweiss and Vladimir Klitschko},
    title     = { Ein eleganter Titel        },
    publisher = { Princeton University Press },
    address   = { Princeton                  },
    year      = { 1974                       }
}



