@incollection{michelsen1,
year={1992},
isbn={978-1-4612-7668-5},
booktitle={The Evolutionary Biology of Hearing},
editor={Webster, DouglasB. and Popper, ArthurN. and Fay, RichardR.},
doi={10.1007/978-1-4612-2784-7_5},
title={Hearing and Sound Communication in Small Animals: Evolutionary Adaptations to the Laws of Physics},
url={http://dx.doi.org/10.1007/978-1-4612-2784-7_5},
publisher={Springer New York},
author={Michelsen, Axel},
pages={61-77},
language={English}
}
