@article{mileshoy,
year={1996},
issn={0340-7594},
journal={Journal of Comparative Physiology A},
volume={179},
number={1},
doi={10.1007/BF00193432},
title={Directional hearing by mechanical coupling in the parasitoid fly Ormia ochracea},
url={http://dx.doi.org/10.1007/BF00193432},
publisher={Springer-Verlag},
keywords={Insect bioacoustics; Sound localization; Tympanal ear; Laser vibrometry; Ormia ochracea},
author={Robert, D. and Miles, R.N. and Hoy, R.R.},
pages={29-44},
language={English}
}
