@article{
year={1988},
issn={0340-7594},
journal={Journal of Comparative Physiology A},
volume={162},
number={4},
doi={10.1007/BF00612514},
title={Constraints on the coding of sound frequency imposed by the avian interaural canal},
url={http://dx.doi.org/10.1007/BF00612514},
publisher={Springer-Verlag},
author={Calford, MichaelB.},
pages={491-502},
language={English}
}
