@incollection{
year={1998},
isbn={978-1-4612-6828-4},
booktitle={Comparative Hearing: Insects},
volume={10},
series={Springer Handbook of Auditory Research},
editor={Hoy, RonaldR. and Popper, ArthurN. and Fay, RichardR.},
doi={10.1007/978-1-4612-0585-2_2},
title={Biophysics of Sound Localization in Insects},
url={http://dx.doi.org/10.1007/978-1-4612-0585-2_2},
publisher={Springer New York},
author={Michelsen, Axel},
pages={18-62},
language={English}
}
