@article{rajalinghambhat,
title = {Vibration of circular membrane backed by cylindrical cavity },
journal = {International Journal of Mechanical Sciences },
volume = {40},
number = {8},
pages = {723 - 734},
year = {1998},
note = {},
issn = {0020-7403},
doi = {http://dx.doi.org/10.1016/S0020-7403(97)00065-9},
url = {http://www.sciencedirect.com/science/article/pii/S0020740397000659},
author = {C. Rajalingham and R.B. Bhat and G.D. Xistris},
keywords = {vibration},
keywords = {circular membrane},
keywords = {cylindrical cavity }
}

