




@article{doi:10.1080/09524622.1997.9753341,
author = {MICHELSEN, AXEL and ROHRSEITZ, KRISTIN},
title = {SOUND LOCALISATION IN A HABITAT: AN ANALYTICAL APPROACH TO QUANTIFYING THE DEGRADATION OF DIRECTIONAL CUES},
journal = {Bioacoustics},
volume = {7},
number = {4},
pages = {291-313},
year = {1997},
doi = {10.1080/09524622.1997.9753341},

URL = {http://www.tandfonline.com/doi/abs/10.1080/09524622.1997.9753341},
eprint = {http://www.tandfonline.com/doi/pdf/10.1080/09524622.1997.9753341}
}


